@InProceedings{C1,
  author = 	 "Dick, Ian, Alan Fekete, and Vincent Gramoli",
  title =        "A skip list for multicore",
  booktitle =        "Concurrency and Computation: Practice and Experience",
  year = 	 "2017",
  volume = 	 "29",
  pages = 	 "4"
}

@InProceedings{C2,
  author = 	 "Crain, Tyler, Gramoli, Vincent and Raynal, Michel",
  title =        "No hot spot non-blocking skip list",
  booktitle =        "Distributed Computing Systems (ICDCS)",
  year = 	 "2013",
  volume = 	 "33",
  pages = 	 "196-205"
}

@InProceedings{C3,
  author = 	 "Pugh, William",
  title =        "Skip lists: A probabilistic alternative to balanced trees",
  booktitle =        "Workshop on Algorithms and Data Structures",
  year = 	 "1989",
  volume = 	 "August",
  pages = 	 "437-449"
}
‚Äè